@misc{sigidwiki,
	author = {SigidWiki},
	title = {Automatic Picture Transmission (APT)},
	url = {https://www.sigidwiki.com/wiki/Automatic_Picture_Transmission_(APT)},
	note = {Dostopano: 2025-07-25}
}

@online{bernardi,
  author  = {Bernardi, Martin},
  title   = {NOAA APT Decoder},
  url     = {https://noaa-apt.mbernardi.com.ar/},
  note    = {Dostopano: 2025-07-25}
}

@online{am_wiki,
  author = {Wikipedia},
  title = {Amplitude modulation},
  year = {2025},
  url = {https://en.wikipedia.org/wiki/Amplitude_modulation},
  note = {Dostopano: 2025-07-25}
}
